@article{A01,
  author = {Soragna A. and Oxoby J. and Goel D.},
  journal = {ROSCon},
  year = {2019},
  title = {{ROS} 2 for {C}onsumer {R}obotics},
}
@article{B02,
  author = {Soragna A. and Baldini M. and Joho D. and Kuemmerle R. and Grisetti G.},
  journal = {IROS},
  year = {2019},
  title = {Active {SLAM} using {C}onnectivity {G}raphs as {P}riors},
}
@article{C03,
  author = {Soragna A. and Baldini M. and Kuemmerle R.},
  journal = {European patent},
  year = {2018},
  title = {Optimal graph exploration with active loop closure},
}
@article{D04,
  author = {Soragna A. and Baldini M. and Joho D.},
  year = {2018},
  journal = {European patent},
  title = {Online adaptation of a prior topology graph to the observed environment during autonomous exploration},
}
