@article{A01,
  author = {Author, A.},
  journal = {Good Journal},
  year = {2001},
  title = {Alpha},
}
@article{B02,
  author = {Buthor, B.},
  journal = {Very Good Journal},
  year = {2008},
  title = {Bravo},
}
@article{C03,
  author = {Cuthor, C.},
  journal = {Also Good Journal},
  year = {2004},
  title = {Charlie},
}
@article{D04,
  author = {Duthor, D.},
  year = {2004},
  journal = {Best Journal},
  title = {Delta},
}
